<?xml version="1.0" encoding="UTF-8"?><collection xmlns="http://www.loc.gov/MARC21/slim"><record><leader>00457nam--2200145-i-4500</leader><controlfield tag="001">000014172</controlfield><controlfield tag="002">20161230</controlfield><controlfield tag="005">20161230201030</controlfield><controlfield tag="008">060222s1000------------r-----000-0-eng-d</controlfield><datafield ind1=" " ind2=" " tag="080"><subfield code="a">550.342:550.834</subfield></datafield><datafield ind1=" " ind2=" " tag="100"><subfield code="a">Berkhout, A.J</subfield></datafield><datafield ind1=" " ind2=" " tag="245"><subfield code="a">Seismic migration imaging of acoustic energy b y wave field extrapolation</subfield></datafield><datafield ind1=" " ind2=" " tag="260"><subfield code="a">Amsterdam, Elsevier Scientific Publisching Co. 1980 Xii + 339 P</subfield></datafield><datafield ind1=" " ind2=" " tag="490"><subfield code="a">Developments In Solid Earh Geophysics</subfield></datafield><datafield ind1=" " ind2=" " tag="852"><subfield code="a">45436</subfield></datafield></record></collection>